@article{Knuth92,
        author = {{张恭庆，林源渠}},
        title = "泛函分析讲义",
        journal = "北京大学出版社",
        pages = "91--92",
}
